<?xml version="1.0" encoding="UTF-8"?>
<Document xmlns="urn:iso:std:iso:20022:tech:xsd:camt.053.001.04" xmlns:xsi="http://www.w3.org/2001/XMLSchema-instance" xsi:schemaLocation="urn:iso:std:iso:20022:tech:xsd:camt.053.001.04 camt.053.001.04.xsd">
  <BkToCstmrStmt>
    <GrpHdr>
      <MsgId>20171103375204003463237</MsgId>
      <CreDtTm>2017-11-03T14:59:00</CreDtTm>
      <MsgPgntn>
        <PgNb>1</PgNb>
        <LastPgInd>true</LastPgInd>
      </MsgPgntn>
      <AddtlInf>Productive</AddtlInf>
    </GrpHdr>
    <Stmt>
      <Id>20171103375204003463239</Id>
      <ElctrncSeqNb>216</ElctrncSeqNb>
      <CreDtTm>2017-11-03T14:59:00</CreDtTm>
      <FrToDt>
        <FrDtTm>2017-11-03T00:00:00</FrDtTm>
        <ToDtTm>2017-11-03T23:59:59</ToDtTm>
      </FrToDt>
      <Acct>
        <Id>
          <IBAN>CH3309000000462980261</IBAN>
        </Id>
        <Ownr>
          <Nm>Papa Schlumpf</Nm>
        </Ownr>
      </Acct>
      <Bal>
        <Tp>
          <CdOrPrtry>
            <Cd>OPBD</Cd>
          </CdOrPrtry>
        </Tp>
        <Amt Ccy="CHF">682.39</Amt>
        <CdtDbtInd>CRDT</CdtDbtInd>
        <Dt>
          <Dt>2017-10-31</Dt>
        </Dt>
      </Bal>
      <Bal>
        <Tp>
          <CdOrPrtry>
            <Cd>CLBD</Cd>
          </CdOrPrtry>
        </Tp>
        <Amt Ccy="CHF">589.49</Amt>
        <CdtDbtInd>CRDT</CdtDbtInd>
        <Dt>
          <Dt>2017-11-03</Dt>
        </Dt>
      </Bal>
      <Ntry>
        <Amt Ccy="CHF">18.50</Amt>
        <CdtDbtInd>DBIT</CdtDbtInd>
        <RvslInd>false</RvslInd>
        <Sts>BOOK</Sts>
        <BookgDt>
          <Dt>2017-11-01</Dt>
        </BookgDt>
        <ValDt>
          <Dt>2017-10-31</Dt>
        </ValDt>
        <AcctSvcrRef>20171031009500929453101000000002</AcctSvcrRef>
        <BkTxCd>
          <Domn>
            <Cd>PMNT</Cd>
            <Fmly>
              <Cd>CCRD</Cd>
              <SubFmlyCd>POSD</SubFmlyCd>
            </Fmly>
          </Domn>
        </BkTxCd>
        <NtryDtls>
          <TxDtls>
            <Refs>
              <AcctSvcrRef>20171031009500929453101000000002</AcctSvcrRef>
            </Refs>
            <Amt Ccy="CHF">18.50</Amt>
            <CdtDbtInd>DBIT</CdtDbtInd>
          </TxDtls>
        </NtryDtls>
        <AddtlNtryInf>KAUF/DIENSTLEISTUNG VOM 31.10.2017 KARTEN NR. XXXX8075 RESTAURANT WOK-TOWN BERN</AddtlNtryInf>
      </Ntry>
      <Ntry>
        <Amt Ccy="CHF">9.90</Amt>
        <CdtDbtInd>DBIT</CdtDbtInd>
        <RvslInd>false</RvslInd>
        <Sts>BOOK</Sts>
        <BookgDt>
          <Dt>2017-11-01</Dt>
        </BookgDt>
        <ValDt>
          <Dt>2017-10-31</Dt>
        </ValDt>
        <AcctSvcrRef>20171031009500930054431000000002</AcctSvcrRef>
        <BkTxCd>
          <Domn>
            <Cd>PMNT</Cd>
            <Fmly>
              <Cd>CCRD</Cd>
              <SubFmlyCd>POSD</SubFmlyCd>
            </Fmly>
          </Domn>
        </BkTxCd>
        <NtryDtls>
          <TxDtls>
            <Refs>
              <AcctSvcrRef>20171031009500930054431000000002</AcctSvcrRef>
            </Refs>
            <Amt Ccy="CHF">9.90</Amt>
            <CdtDbtInd>DBIT</CdtDbtInd>
          </TxDtls>
        </NtryDtls>
        <AddtlNtryInf>KAUF/DIENSTLEISTUNG VOM 31.10.2017 KARTEN NR. XXXX8075 BEEF2GO AG BERN</AddtlNtryInf>
      </Ntry>
      <Ntry>
        <Amt Ccy="CHF">31.00</Amt>
        <CdtDbtInd>DBIT</CdtDbtInd>
        <RvslInd>false</RvslInd>
        <Sts>BOOK</Sts>
        <BookgDt>
          <Dt>2017-11-03</Dt>
        </BookgDt>
        <ValDt>
          <Dt>2017-11-01</Dt>
        </ValDt>
        <AcctSvcrRef>20171101009500931357795000000002</AcctSvcrRef>
        <BkTxCd>
          <Domn>
            <Cd>PMNT</Cd>
            <Fmly>
              <Cd>CCRD</Cd>
              <SubFmlyCd>POSD</SubFmlyCd>
            </Fmly>
          </Domn>
        </BkTxCd>
        <NtryDtls>
          <TxDtls>
            <Refs>
              <AcctSvcrRef>20171101009500931357795000000002</AcctSvcrRef>
            </Refs>
            <Amt Ccy="CHF">31.00</Amt>
            <CdtDbtInd>DBIT</CdtDbtInd>
          </TxDtls>
        </NtryDtls>
        <AddtlNtryInf>KAUF/DIENSTLEISTUNG VOM 01.11.2017 KARTEN NR. XXXX8075 VAPIANO BERN</AddtlNtryInf>
      </Ntry>
      <Ntry>
        <Amt Ccy="CHF">1.00</Amt>
        <CdtDbtInd>DBIT</CdtDbtInd>
        <RvslInd>false</RvslInd>
        <Sts>BOOK</Sts>
        <BookgDt>
          <Dt>2017-11-03</Dt>
        </BookgDt>
        <ValDt>
          <Dt>2017-11-03</Dt>
        </ValDt>
        <AcctSvcrRef>20171102000800223193674000000103</AcctSvcrRef>
        <BkTxCd>
          <Domn>
            <Cd>PMNT</Cd>
            <Fmly>
              <Cd>ICDT</Cd>
              <SubFmlyCd>BOOK</SubFmlyCd>
            </Fmly>
          </Domn>
        </BkTxCd>
        <NtryDtls>
          <TxDtls>
            <Refs>
              <AcctSvcrRef>20171102000800223193674000000103</AcctSvcrRef>
            </Refs>
            <Amt Ccy="CHF">1.00</Amt>
            <CdtDbtInd>DBIT</CdtDbtInd>
          </TxDtls>
        </NtryDtls>
        <AddtlNtryInf>E-FINANCE 60-224741-6 SWING MACHINE BERN TEST FÜR CAMT</AddtlNtryInf>
      </Ntry>
      <Ntry>
        <Amt Ccy="CHF">3.30</Amt>
        <CdtDbtInd>DBIT</CdtDbtInd>
        <RvslInd>false</RvslInd>
        <Sts>BOOK</Sts>
        <BookgDt>
          <Dt>2017-11-03</Dt>
        </BookgDt>
        <ValDt>
          <Dt>2017-11-02</Dt>
        </ValDt>
        <AcctSvcrRef>20171102009500932350891000000002</AcctSvcrRef>
        <BkTxCd>
          <Domn>
            <Cd>PMNT</Cd>
            <Fmly>
              <Cd>CCRD</Cd>
              <SubFmlyCd>POSD</SubFmlyCd>
            </Fmly>
          </Domn>
        </BkTxCd>
        <NtryDtls>
          <TxDtls>
            <Refs>
              <AcctSvcrRef>20171102009500932350891000000002</AcctSvcrRef>
            </Refs>
            <Amt Ccy="CHF">3.30</Amt>
            <CdtDbtInd>DBIT</CdtDbtInd>
          </TxDtls>
        </NtryDtls>
        <AddtlNtryInf>KAUF/DIENSTLEISTUNG VOM 02.11.2017 KARTEN NR. XXXX8075 MIG MIGROLINO LENZBURG SBB LENZBURG</AddtlNtryInf>
      </Ntry>
      <Ntry>
        <Amt Ccy="CHF">10.20</Amt>
        <CdtDbtInd>DBIT</CdtDbtInd>
        <RvslInd>false</RvslInd>
        <Sts>BOOK</Sts>
        <BookgDt>
          <Dt>2017-11-03</Dt>
        </BookgDt>
        <ValDt>
          <Dt>2017-11-02</Dt>
        </ValDt>
        <AcctSvcrRef>20171102009500932489584000000002</AcctSvcrRef>
        <BkTxCd>
          <Domn>
            <Cd>PMNT</Cd>
            <Fmly>
              <Cd>CCRD</Cd>
              <SubFmlyCd>POSD</SubFmlyCd>
            </Fmly>
          </Domn>
        </BkTxCd>
        <NtryDtls>
          <TxDtls>
            <Refs>
              <AcctSvcrRef>20171102009500932489584000000002</AcctSvcrRef>
            </Refs>
            <Amt Ccy="CHF">10.20</Amt>
            <CdtDbtInd>DBIT</CdtDbtInd>
          </TxDtls>
        </NtryDtls>
        <AddtlNtryInf>KAUF/DIENSTLEISTUNG VOM 02.11.2017 KARTEN NR. XXXX8075 NESPRESSO BOUTIQUE BERN 2 BERN</AddtlNtryInf>
      </Ntry>
      <Ntry>
        <Amt Ccy="CHF">19.00</Amt>
        <CdtDbtInd>DBIT</CdtDbtInd>
        <RvslInd>false</RvslInd>
        <Sts>BOOK</Sts>
        <BookgDt>
          <Dt>2017-11-03</Dt>
        </BookgDt>
        <ValDt>
          <Dt>2017-11-02</Dt>
        </ValDt>
        <AcctSvcrRef>20171102009500932497001000000002</AcctSvcrRef>
        <BkTxCd>
          <Domn>
            <Cd>PMNT</Cd>
            <Fmly>
              <Cd>CCRD</Cd>
              <SubFmlyCd>POSD</SubFmlyCd>
            </Fmly>
          </Domn>
        </BkTxCd>
        <NtryDtls>
          <TxDtls>
            <Refs>
              <AcctSvcrRef>20171102009500932497001000000002</AcctSvcrRef>
            </Refs>
            <Amt Ccy="CHF">19.00</Amt>
            <CdtDbtInd>DBIT</CdtDbtInd>
          </TxDtls>
        </NtryDtls>
        <AddtlNtryInf>KAUF/DIENSTLEISTUNG VOM 02.11.2017 KARTEN NR. XXXX8075 KUNG FU BURGER GMBH BERN</AddtlNtryInf>
      </Ntry>
    </Stmt>
  </BkToCstmrStmt>
</Document>